<record><leader>00000cas a22000007a 4500</leader><controlfield tag="001">11659652</controlfield><controlfield tag="008">850205d18511852inuwr ne      0    0eng c</controlfield><datafield ind1=" " ind2=" " tag="010"><subfield code="a">sn 85047676 </subfield></datafield><datafield ind1=" " ind2=" " tag="040"><subfield code="a">NPI</subfield><subfield code="b">eng</subfield><subfield code="c">NPI</subfield><subfield code="d">CUI</subfield><subfield code="d">OCLCQ</subfield><subfield code="d">OCLCF</subfield></datafield><datafield ind1=" " ind2=" " tag="042"><subfield code="a">pcc</subfield></datafield><datafield ind1=" " ind2=" " tag="043"><subfield code="a">n-us-in</subfield></datafield><datafield ind1=" " ind2="4" tag="050"><subfield code="a">AN</subfield></datafield><datafield ind1="0" ind2="4" tag="245"><subfield code="a">The Aurora standard.</subfield></datafield><datafield ind1=" " ind2=" " tag="260"><subfield code="a">Aurora, Ind. :</subfield><subfield code="b">M.H. Bowers</subfield></datafield><datafield ind1=" " ind2=" " tag="300"><subfield code="a">v. :</subfield><subfield code="b">ill. (chiefly advertisements) ;</subfield><subfield code="c">53-64 cm.</subfield></datafield><datafield ind1=" " ind2=" " tag="310"><subfield code="a">Weekly</subfield></datafield><datafield ind1="1" ind2=" " tag="362"><subfield code="a">Began with May 29?, 1851; ceased in 1852 or 1853.</subfield></datafield><datafield ind1=" " ind2=" " tag="500"><subfield code="a">B.B. Root co-published the first few issues.</subfield></datafield><datafield ind1=" " ind2=" " tag="500"><subfield code="a">"Whig."</subfield></datafield><datafield ind1=" " ind2=" " tag="588"><subfield code="a">Description based on: Vol. 1, no. 3 (June 12, 1851).</subfield></datafield><datafield ind1=" " ind2="0" tag="651"><subfield code="a">Aurora (Ind.)</subfield><subfield code="v">Newspapers.</subfield></datafield><datafield ind1=" " ind2="7" tag="655"><subfield code="a">Newspapers.</subfield><subfield code="2">fast</subfield><subfield code="0">(OCoLC)fst01423814</subfield></datafield><datafield ind1=" " ind2="7" tag="651"><subfield code="a">Indiana</subfield><subfield code="z">Aurora.</subfield><subfield code="2">fast</subfield><subfield code="0">(OCoLC)fst01238722</subfield></datafield><datafield ind1=" " ind2=" " tag="752"><subfield code="a">United States</subfield><subfield code="b">Indiana</subfield><subfield code="c">Dearborn</subfield><subfield code="d">Aurora.</subfield></datafield><datafield ind1="0" ind2="0" tag="780"><subfield code="t">Western commercial</subfield><subfield code="w">(DLC)sn 83025597</subfield><subfield code="w">(OCoLC)9647325</subfield></datafield><datafield ind1="0" ind2="0" tag="785"><subfield code="t">Aurora weekly standard</subfield><subfield code="w">(DLC)sn 83025596</subfield><subfield code="w">(OCoLC)9647298</subfield></datafield></record>